@article{ajorian2024aporia,
    author = {Ali Ajorian and Erick Lavoie and Christian Tschudin},
    title = {Obfuscation as Instruction Decorrelation},
    journal = {arXiv},
    year = {2024},
    archivePrefix = {arXiv},
    eprint = {2411.05570},
    primaryClass = {cs.CR},
    url = {https://arxiv.org/abs/2411.05570}
}

